@article{KovGas2022,
  doi = {10.48550/ARXIV.2205.05653},
  url = {https://arxiv.org/abs/2205.05653},
  author = {Kovalev, Dmitry and Gasnikov, Alexander},
  keywords = {Optimization and Control (math.OC), Machine Learning (cs.LG), FOS: Mathematics, FOS: Mathematics, FOS: Computer and information sciences, FOS: Computer and information sciences},
  title = {The First Optimal Algorithm for Smooth and Strongly-Convex-Strongly-Concave Minimax Optimization},
  publisher = {arXiv},
  year = {2022},
  copyright = {arXiv.org perpetual, non-exclusive license}
}
@article{KovBorGas2022,
  doi = {10.48550/ARXIV.2205.15136},
  url = {https://arxiv.org/abs/2205.15136},
  author = {Kovalev, Dmitry and Beznosikov, Aleksandr and Borodich, Ekaterina and Gasnikov, Alexander and Scutari, Gesualdo},
  keywords = {Optimization and Control (math.OC), Distributed, Parallel, and Cluster Computing (cs.DC), Machine Learning (cs.LG), FOS: Mathematics, FOS: Mathematics, FOS: Computer and information sciences, FOS: Computer and information sciences},
  title = {Optimal Gradient Sliding and its Application to Distributed Optimization Under Similarity},
  publisher = {arXiv},
  year = {2022},
  copyright = {arXiv.org perpetual, non-exclusive license}
}
